@book {segal-complex-analysis,
    AUTHOR = {Segal, Sanford L.},
     TITLE = {Nine introductions in complex analysis},
    SERIES = {North-Holland Mathematics Studies},
    VOLUME = {208},
   EDITION = {Revised},
 PUBLISHER = {Elsevier Science B.V., Amsterdam},
      YEAR = {2008},
     PAGES = {xii+487},
      ISBN = {978-0-444-51831-6},
   MRCLASS = {30-01 (33E05)},
  MRNUMBER = {2376066},
}

@book {stein-shakarchi-princeton,
    AUTHOR = {Stein, Elias M. and Shakarchi, Rami},
     TITLE = {Complex analysis},
    SERIES = {Princeton Lectures in Analysis},
    VOLUME = {2},
 PUBLISHER = {Princeton University Press, Princeton, NJ},
      YEAR = {2003},
     PAGES = {xviii+379},
      ISBN = {0-691-11385-8},
   MRCLASS = {30-01},
  MRNUMBER = {1976398},
MRREVIEWER = {Heinrich\ Begehr},
}

@misc {bluemlinger-complex-analysis,
    AUTHOR = {Bl√ºmlinger, Martin},
    TITLE = {Komplexe {A}nalysis},
    YEAR = {2021},
}